<?xml version="1.0" encoding="UTF-8"?>
<record xmlns="http://www.loc.gov/MARC21/slim">
   <leader>00752cam a2200205Mi 4500</leader>
   <controlfield tag="001">2760901</controlfield>
   <controlfield tag="003">NjP</controlfield>
   <controlfield tag="005">20171010174015.0</controlfield>
   <controlfield tag="008">860422s1965    iq a          000 0 ara d</controlfield>
   <datafield tag="024" ind1="7" ind2=" ">
      <subfield code="a">princeton_aco004789</subfield>
      <subfield code="2">local</subfield>
   </datafield>
   <datafield ind1=" " ind2=" " tag="035">
      <subfield code="a">(OCoLC)ocm23482396</subfield>
   </datafield>
   <datafield ind1=" " ind2=" " tag="035">
      <subfield code="9">CNF5524TS</subfield>
   </datafield>
   <datafield ind1=" " ind2=" " tag="040">
      <subfield code="a">EYM</subfield>
      <subfield code="c">EYM</subfield>
      <subfield code="d">PUL</subfield>
   </datafield>
   <datafield ind1=" " ind2="4" tag="050">
      <subfield code="a">N6260</subfield>
      <subfield code="b">.M38</subfield>
   </datafield>
   <datafield ind1="1" ind2=" " tag="100">
      <subfield code="a">Marzūq, Muḥammad ʻAbd al-ʻAzīz.</subfield>
   </datafield>
   <datafield ind1="1" ind2="3" tag="245">
      <subfield code="a">al-Fann al-Islāmī :</subfield>
      <subfield code="b">tārīkhuh wa-khaṣāʾiṣuh /</subfield>
      <subfield code="c">taʾlīf Muḥammad ʻAbd al-ʻAzīz Marzūq.</subfield>
   </datafield>
   <datafield ind1=" " ind2=" " tag="260">
      <subfield code="a">Baghdād :</subfield>
      <subfield code="b">Maṭbaʻat Asʻad,</subfield>
      <subfield code="c">1965.</subfield>
   </datafield>
   <datafield ind1=" " ind2=" " tag="300">
      <subfield code="a">224 p. :</subfield>
      <subfield code="b">ill. ;</subfield>
      <subfield code="c">25 cm.</subfield>
   </datafield>
   <datafield ind1=" " ind2="0" tag="650">
      <subfield code="a">Islamic art.</subfield>
      <subfield code="0">http://id.loc.gov/authorities/subjects/sh85007710</subfield>
   </datafield>
   <datafield ind1=" " ind2=" " tag="945">
      <subfield code="a">F</subfield>
      <subfield code="b">1</subfield>
      <subfield code="c">2272.625325.3325</subfield>
   </datafield>
   <datafield ind1=" " ind2=" " tag="911">
      <subfield code="a">20000130</subfield>
   </datafield>
   <datafield ind1="0" ind2="0" tag="852">
      <subfield code="0">3071683</subfield>
      <subfield code="b">rcppa</subfield>
      <subfield code="t">1</subfield>
      <subfield code="h">N6260</subfield>
      <subfield code="i">.M38 1965</subfield>
      <subfield code="x">tr fr nec</subfield>
   </datafield>
   <datafield ind1=" " ind2=" " tag="959">
      <subfield code="a">2009-06-30 16:15:43 -0500</subfield>
   </datafield>
</record>
